<record><leader>00000cas a2200000 a 4500</leader><controlfield tag="001">15744117</controlfield><controlfield tag="008">870528d19631964gu wr ne      0    0eng  </controlfield><datafield ind1=" " ind2=" " tag="010"><subfield code="a">sn 87062205 </subfield></datafield><datafield ind1=" " ind2=" " tag="040"><subfield code="a">DLC</subfield><subfield code="b">eng</subfield><subfield code="c">DLC</subfield><subfield code="d">NVF</subfield><subfield code="d">DLC</subfield><subfield code="d">OCLCQ</subfield><subfield code="d">OCLCO</subfield><subfield code="d">OCLCF</subfield></datafield><datafield ind1="1" ind2=" " tag="029"><subfield code="a">AU@</subfield><subfield code="b">000020477487</subfield></datafield><datafield ind1=" " ind2=" " tag="042"><subfield code="a">pcc</subfield></datafield><datafield ind1=" " ind2=" " tag="043"><subfield code="a">pogu---</subfield></datafield><datafield ind1="0" ind2="4" tag="245"><subfield code="a">The territorial sun news and views of the Marianas.</subfield></datafield><datafield ind1=" " ind2=" " tag="260"><subfield code="a">Agana, Guam :</subfield><subfield code="b">J. Flores,</subfield><subfield code="c">1963-1964.</subfield></datafield><datafield ind1=" " ind2=" " tag="300"><subfield code="a">v.</subfield></datafield><datafield ind1=" " ind2=" " tag="310"><subfield code="a">Weekly</subfield></datafield><datafield ind1="0" ind2=" " tag="362"><subfield code="a">Vol. 10, no. 48 (Dec. 8, 1963)-v. 9 [i.e. 11] no. 42 (Oct. 18, 1964).</subfield></datafield><datafield ind1=" " ind2=" " tag="515"><subfield code="a">Issue for Mar. 22, 1964 is numbered v. 9, no. 11, but constitutes v. 11, no. 11; error perpetuated through Oct. 18, 1964.</subfield></datafield><datafield ind1=" " ind2="0" tag="651"><subfield code="a">Guam</subfield><subfield code="v">Newspapers.</subfield></datafield><datafield ind1=" " ind2="0" tag="651"><subfield code="a">Haga&#778;tn&#771;a (Guam)</subfield><subfield code="v">Newspapers.</subfield></datafield><datafield ind1=" " ind2="7" tag="655"><subfield code="a">Newspapers.</subfield><subfield code="2">fast</subfield><subfield code="0">(OCoLC)fst01423814</subfield></datafield><datafield ind1=" " ind2="7" tag="651"><subfield code="a">Guam.</subfield><subfield code="2">fast</subfield><subfield code="0">(OCoLC)fst01202671</subfield></datafield><datafield ind1=" " ind2="7" tag="651"><subfield code="a">Guam</subfield><subfield code="z">Haga&#778;tn&#771;a.</subfield><subfield code="2">fast</subfield><subfield code="0">(OCoLC)fst01216640</subfield></datafield><datafield ind1=" " ind2=" " tag="752"><subfield code="a">United States</subfield><subfield code="b">Mariana Islands</subfield><subfield code="c">Guam</subfield><subfield code="d">Agana.</subfield></datafield><datafield ind1="0" ind2="0" tag="780"><subfield code="t">Territorial sun</subfield><subfield code="w">(DLC)sn 87062326</subfield><subfield code="w">(OCoLC)9614644</subfield></datafield><datafield ind1="0" ind2="0" tag="785"><subfield code="t">Guam daily news</subfield><subfield code="w">(DLC)sn 87062204</subfield><subfield code="w">(OCoLC)9614850</subfield></datafield></record>